@article{agueh2011analysis,
  title={Analysis and simulations of a refined flocking and swarming model of Cucker-Smale type},
  author={Agueh, Martial and Illner, Reinhard and Richardson, Ashlin},
  journal={Kinetic and Related Models},
  volume={4},
  number={1},
  pages={1--16},
  year={2011}
}